
@MISC{things,
  author = "Cultured Code",
  title = "State of Sync",
  howpublished="\url{http://culturedcode.com/things/blog/2011/01/state-of-sync-part-ii.html}"
}

@MISC{webstorage,
  author = "W3C",
  title = "Web Storage",
  howpublished="\url{http://www.w3.org/TR/webstorage/#the-localstorage-attribute}"
}

@MISC{websql,
  author = "W3C",
  title = "Web SQL Database",
  howpublished="\url{http://www.w3.org/TR/webdatabase/}"
}

@MISC{mozilla_indexeddb,
  author = "Mozilla",
  title = "Beyond HTML5: Database APIs and the Road to IndexedDB",
  howpublished="\url{https://hacks.mozilla.org/2010/06/beyond-html5-database-apis-and-the-road-to-indexeddb/}"
}

@MISC{indexeddb,
  author = "W3C",
  title = "Indexed Database API",
  howpublished="\url{http://www.w3.org/TR/IndexedDB/}"
}

@MISC{indexeddb_polyfill,
  author = "Parashuram Narasimhan",
  title = "IndexedDB Polyfill",
  howpublished="\url{https://github.com/axemclion/IndexedDBShim}"
}

@MISC{cache_manifests,
  author = "WHATWG",
  title = "Offline Web Applications",
  howpublished="\url{http://www.whatwg.org/specs/web-apps/current-work/multipage/offline.html}"
}

@MISC{diff3,
  title = "diff3",
  howpublished="\url{http://www.linuxmanpages.com/man1/diff3.1.php}"
}

@MISC{git,
  author = "Linus Torvalds",
  title = "Git",
  howpublished="\url{http://git-scm.com/}"
}

@book{swicegood2008pragmatic,
  title={Pragmatic version control using Git},
  author={Swicegood, Travis},
  year={2008},
  publisher={Pragmatic Bookshelf}
}

@book{anderson2010couchdb,
  title={CouchDB: The Definitive Guide: The Definitive Guide},
  author={Anderson, Chris and Lehnardt, Jan and Slater, Noah},
  year={2010},
  publisher={O'Reilly Media}
}

@MISC{couchdb_wiki,
  title = "Apache CouchDB Wiki",
  howpublished="\url{http://wiki.apache.org/couchdb}"
}

@MISC{couchdb_source,
  title = "CouchDB source code",
  howpublished="\url{https://github.com/apache/couchdb}"
}

@article{miller2001home,
  title={Home networking with universal plug and play},
  author={Miller, Brent A and Nixon, Toby and Tai, Charlie and Wood, Mark D},
  journal={Communications Magazine, IEEE},
  volume={39},
  number={12},
  pages={104--109},
  year={2001},
  publisher={IEEE}
}

@inproceedings{gunes2002ip,
  title={An IP address configuration algorithm for zeroconf mobile multihop ad hoc networks},
  author={G{\"u}nes, Mesut and Reibel, J{\"o}rg},
  booktitle={Proceedings of the International Workshop on Broadband Wireless Ad-Hoc Networks and Services},
  year={2002},
  organization={Citeseer}
}

@article{gray1981strawman,
  title={A Strawman Analysis of Deadlock Frequency},
  author={Gray, J and Homan, P and Korth, H and Obermarck, R},
  journal={in SIGOPS Review},
  year={1981}
}

@article{haerder1983principles,
  title={Principles of transaction-oriented database recovery},
  author={Haerder, Theo and Reuter, Andreas},
  journal={ACM Computing Surveys (CSUR)},
  volume={15},
  number={4},
  pages={287--317},
  year={1983},
  publisher={ACM}
}

@book{bernstein1987concurrency,
  title={Concurrency control and recovery in database systems},
  author={Bernstein, Philip A and Hadzilacos, Vassos and Goodman, Nathan},
  volume={370},
  year={1987},
  publisher={Addison-wesley New York}
}

@article{strobl2008zfs,
  title={Zfs: Revolution in file systems},
  author={Strobl, Roman and Evangelist, OpenSolaris},
  journal={Sun Tech Days},
  volume={2009},
  pages={2008},
  year={2008}
}

@article{chang2008bigtable,
  title={Bigtable: A distributed storage system for structured data},
  author={Chang, Fay and Dean, Jeffrey and Ghemawat, Sanjay and Hsieh, Wilson C and Wallach, Deborah A and Burrows, Mike and Chandra, Tushar and Fikes, Andrew and Gruber, Robert E},
  journal={ACM Transactions on Computer Systems (TOCS)},
  volume={26},
  number={2},
  pages={4},
  year={2008},
  publisher={ACM}
}

@MISC{leveldb,
  title = "LevelDB - A fast and lightweight key/value database library by Google",
  howpublished="\url{https://code.google.com/p/leveldb/}"
}

@MISC{leveldown,
  title = "LevelDOWN - A Node.js LevelDB wrapper",
  howpublished="\url{https://github.com/rvagg/node-leveldown}"
}

@MISC{leveljs,
  title = "level.js - An implementation of the LevelDOWN API on top of IndexedDB",
  howpublished="\url{https://github.com/maxogden/level.js}"
}

@MISC{histo-source,
  title = "Histo source code",
  howpublished="\url{https://github.com/mirkokiefer/HistoDB}"
}

@MISC{backbone,
  title = "Backbone.js",
  howpublished="\url{http://backbonejs.org/}"
}

@MISC{ember,
  title = "Ember.js",
  howpublished="\url{http://emberjs.com/}"
}

@MISC{angular,
  title = "AngularJS",
  howpublished="\url{http://angularjs.org/}"
}
