%% Created using Papers on Sat, 01 Jun 2013.
%% http://mekentosj.com/papers/

@article{Lindholm:2009wo,
author = {Lindholm, Tancred},
title = {{XML-aware data synchronization for mobile devices}},
year = {2009}
}

@article{Padmanabhan:2008kz,
author = {Padmanabhan, Prasanna and Gruenwald, Le and Vallur, Anita and Atiquzzaman, Mohammed},
title = {{A survey of data replication techniques for mobile ad hoc network databases}},
journal = {The VLDB Journal},
year = {2008},
volume = {17},
number = {5},
pages = {1143--1164},
month = may
}

@article{Shapiro:2011wy,
author = {Shapiro, Marc and Pregui{\c c}a, Nuno and Baquero, Carlos and Zawirski, Marek},
title = {{A comprehensive study of convergent and commutative replicated data types}},
year = {2011}
}

@article{Lagerspetz:2010ts,
author = {Lagerspetz, Eemil and Tarkoma, Sasu and Lindholm, Tancred},
title = {{Dessy: Demonstrating mobile search and synchronization}},
year = {2010},
pages = {284--286}
}

@article{Letia:2009uf,
author = {Letia, Mihai and Pregui{\c c}a, Nuno and Shapiro, Marc},
title = {{CRDTs: Consistency without concurrency control}},
journal = {arXiv.org},
year = {2009},
volume = {cs.DC},
month = jul
}

@article{Lindholm:2009gg,
author = {Lindholm, Tancred and Kangasharju, Jaakko and Tarkoma, Sasu},
title = {{Syxaw: Data Synchronization Middleware for the Mobile Web}},
journal = {Mobile Networks and Applications},
year = {2009},
volume = {14},
number = {5},
pages = {661--676},
month = jan
}

@article{Fraser:2009vm,
author = {Fraser, Neil},
title = {{Differential synchronization}},
year = {2009},
pages = {13--20}
}

@article{Weiss:2009wr,
author = {Weiss, Stephane and Urso, Pascal and Molli, Pascal},
title = {{Logoot: a scalable optimistic replication algorithm for collaborative editing on P2P networks}},
year = {2009},
pages = {404--412}
}

@article{DeCandia:2007ui,
author = {DeCandia, Giuseppe and Hastorun, Deniz and Jampani, Madan and Kakulapati, Gunavardhan and Lakshman, Avinash and Pilchin, Alex and Sivasubramanian, Swaminathan and Vosshall, Peter and Vogels, Werner},
title = {{Dynamo: amazon's highly available key-value store}},
year = {2007},
volume = {41},
number = {6},
pages = {205--220}
}

@article{Oster:2005wf,
author = {Oster, G{\'e}rald and Urso, Pascal and Molli, Pascal and Imine, Abdessamad},
title = {{Real time group editors without Operational transformation}},
year = {2005}
}

@article{Peters:2005tv,
author = {Peters, Luuk},
title = {{Change detection in XML trees: a survey}},
year = {2005}
}

@article{Lindholm:2004ct,
author = {Lindholm, Tancred},
title = {{A three-way merge for XML documents}},
year = {2004},
pages = {1--10}
}

@article{Ratner:2001wz,
author = {Ratner, David and Reiher, Peter and Popek, Gerald J and Kuenning, Geoffrey H},
title = {{Replication requirements in mobile environments}},
journal = {Mobile Networks and Applications},
year = {2001},
volume = {6},
number = {6},
pages = {525--533}
}

@article{Lindholm:2001uv,
author = {Lindholm, Tancred},
title = {{A 3-way merging algorithm for synchronizing ordered trees---}},
journal = {Master's thesis, Helsinki University of Technology},
year = {2001}
}

@article{Petersen:1996wt,
author = {Petersen, Karin and Spreitzer, Mike and Terry, Douglas and Theimer, Marvin},
title = {{Bayou: replicated database services for world-wide applications}},
year = {1996},
pages = {275--280}
}

@article{Demers:1994vj,
author = {Demers, Alan and Petersen, Karin and Spreitzer, Mike and Ferry, D and Theimer, Marvin and Welch, Brent},
title = {{The Bayou architecture: Support for data sharing among mobile users}},
year = {1994},
pages = {2--7}
}

@article{Bernstein:1981ut,
author = {Bernstein, Philip A and Goodman, Nathan},
title = {{Concurrency control in distributed database systems}},
journal = {ACM Computing Surveys (CSUR)},
year = {1981},
volume = {13},
number = {2},
pages = {185--221}
}

@inproceedings{Preguica:fz,
author = {Pregui{\c c}a, Nuno and Marques, Joan Manuel and Shapiro, Marc and Letia, Mihai},
title = {{A Commutative Replicated Data Type for Cooperative Editing}},
booktitle = {2009 29th IEEE International Conference on Distributed Computing Systems (ICDCS)},
pages = {395--403},
publisher = {IEEE}
}

@article{Anonymous:gH8WH-nr,
title = {{CouchDB: The Definitive Guide: The Definitive Guide}}
}

@article{Tarkoma:2011wq,
author = {Tarkoma, Sasu and Lagerspetz, Eemil},
title = {{Arching over the mobile computing chasm: Platforms and runtimes}},
journal = {Computer},
year = {2011},
volume = {44},
number = {4},
pages = {22--28}
}

@article{VanRenesse:2008tu,
author = {Van Renesse, Robbert and Dumitriu, Dan and Gough, Valient and Thomas, Chris},
title = {{Efficient reconciliation and flow control for anti-entropy protocols}},
year = {2008},
pages = {6}
}

@article{Foster:2007cw,
author = {Foster, J Nathan and Greenwald, Michael B and Kirkegaard, Christian and Pierce, Benjamin C and Schmitt, Alan},
title = {{Exploiting schemas in data synchronization}},
journal = {Journal of Computer and System Sciences},
year = {2007},
volume = {73},
number = {4},
pages = {669--689},
month = jun
}

@article{Cox:2005wk,
author = {Cox, Russ and Josephson, William},
title = {{File synchronization with vector time pairs}},
year = {2005}
}

@article{Wang:2003uz,
author = {Wang, Yuan and DeWitt, David J and Cai, J-Y},
title = {{X-Diff: An effective change detection algorithm for XML documents}},
year = {2003},
pages = {519--530}
}

@article{Gilbert:2002uw,
author = {Gilbert, Seth and Lynch, Nancy},
title = {{Brewer's conjecture and the feasibility of consistent, available, partition-tolerant web services}},
journal = {ACM SIGACT News},
year = {2002},
volume = {33},
number = {2},
pages = {51--59}
}

@article{Agarwal:2002wt,
author = {Agarwal, Sachin and Starobinski, David and Trachtenberg, Ari},
title = {{On the scalability of data synchronization protocols for PDAs and mobile devices}},
journal = {Network, IEEE},
year = {2002},
volume = {16},
number = {4},
pages = {22--28}
}

@article{Ellis:1998vf,
author = {Ellis, C A and Sun, C},
title = {{Operational transformation in real-time group editors: issues, algorithms, and achievements}},
year = {1998},
pages = {59--68}
}

@article{Jacobson:1992uv,
author = {Jacobson, Guy and Vo, Kiem-Phong},
title = {{Heaviest increasing/common subsequence problems}},
year = {1992},
pages = {52--66}
}

@article{Satyanarayanan:1990vn,
author = {Satyanarayanan, Mahadev and Kistler, James J and Kumar, Puneet and Okasaki, Maria E and Siegel, Ellen H and Steere, David C},
title = {{Coda: A highly available file system for a distributed workstation environment}},
journal = {Computers, IEEE Transactions on},
year = {1990},
volume = {39},
number = {4},
pages = {447--459}
}

@article{Lamport:1978tr,
author = {Lamport, Leslie},
title = {{Time, clocks, and the ordering of events in a distributed system}},
journal = {Communications of the ACM},
year = {1978},
volume = {21},
number = {7},
pages = {558--565}
}

@article{Tummarello:2007uv,
author = {Tummarello, Giovanni and Morbidoni, Christian and Bachmann-Gm{\"u}r, Reto and Erling, Orri},
title = {{RDFSync: efficient remote synchronization of RDF models}},
journal = {The Semantic Web},
year = {2007},
pages = {537--551}
}

@article{Myers:1986wi,
author = {Myers, Eugene W},
title = {{An O (ND) difference algorithm and its variations}},
journal = {Algorithmica},
year = {1986},
volume = {1},
number = {1},
pages = {251--266}
}

@article{Gray:1981wi,
author = {Gray, Jim},
title = {{The transaction concept: Virtues and limitations}},
year = {1981},
pages = {144--154}
}

